<record><leader>00000cas a22000007a 4500</leader><controlfield tag="001">11705789</controlfield><controlfield tag="008">850218d19151919wiuwr ne      0    0eng d</controlfield><datafield ind1=" " ind2=" " tag="010"><subfield code="a">sn 85040171 </subfield></datafield><datafield ind1=" " ind2=" " tag="040"><subfield code="a">NPV</subfield><subfield code="b">eng</subfield><subfield code="c">NPV</subfield><subfield code="d">OCLCQ</subfield></datafield><datafield ind1=" " ind2=" " tag="042"><subfield code="a">msc</subfield></datafield><datafield ind1=" " ind2=" " tag="043"><subfield code="a">n-us-wi</subfield></datafield><datafield ind1=" " ind2=" " tag="045"><subfield code="a">x1x1</subfield></datafield><datafield ind1=" " ind2=" " tag="052"><subfield code="a">4123</subfield><subfield code="b">L3</subfield></datafield><datafield ind1="0" ind2="0" tag="245"><subfield code="a">Shullsburg pick and gad.</subfield></datafield><datafield ind1="1" ind2="7" tag="246"><subfield code="a">Pick and gad</subfield></datafield><datafield ind1="1" ind2="7" tag="246"><subfield code="a">Shullsburg pick &amp; gad</subfield></datafield><datafield ind1=" " ind2=" " tag="260"><subfield code="a">Shullsburg, Wis. :</subfield><subfield code="b">Williams Printing,</subfield><subfield code="c">1915-1919.</subfield></datafield><datafield ind1=" " ind2=" " tag="300"><subfield code="a">38 v. :</subfield><subfield code="b">ill.</subfield></datafield><datafield ind1=" " ind2=" " tag="310"><subfield code="a">Weekly</subfield></datafield><datafield ind1="0" ind2=" " tag="362"><subfield code="a">Vol. 33, no. 32 (Mar. 4, 1915)-v. 38, no. 39 (May 8, 1919).</subfield></datafield><datafield ind1=" " ind2=" " tag="500"><subfield code="a">Publisher varies.</subfield></datafield><datafield ind1=" " ind2=" " tag="500"><subfield code="a">Editors: J.W. Blackstone, April 1, 1915-March 20, 1919; A.F. Gratiot, March 27, 1919-May 8, 1919.</subfield></datafield><datafield ind1=" " ind2=" " tag="525"><subfield code="a">Supplements accompany some issues.</subfield></datafield><datafield ind1=" " ind2=" " tag="530"><subfield code="a">Available on microfilm from The State Historical Society of Wisconsin.</subfield></datafield><datafield ind1=" " ind2=" " tag="752"><subfield code="a">United States</subfield><subfield code="b">Wisconsin</subfield><subfield code="c">Lafayette</subfield><subfield code="d">Shullsburg.</subfield></datafield><datafield ind1="0" ind2="0" tag="780"><subfield code="t">Pick and gad (Shullsburg, Wis. : 1882)</subfield><subfield code="w">(DLC)sn 85040170</subfield></datafield><datafield ind1="0" ind2="0" tag="785"><subfield code="t">Pick and gad (Shullsburg, Wis. : 1919)</subfield><subfield code="w">(DLC)sn 85040172</subfield></datafield><datafield ind1="1" ind2=" " tag="029"><subfield code="a">AU@</subfield><subfield code="b">000025797581</subfield></datafield></record>